@Book{peterson2012computer,
 author = {Peterson, L. and David, B.},
 title = {Computer networks : a systems approach},
 publisher = {Morgan Kaufmann},
 year = {2012},
 address = {Amsterdam Boston},
 isbn = {978-0-12-385059-1}
}

@Book{ mqtt,
 author = "Lee, S. and Kim, H. and Hong, D. and Ju, H.",
 title = "International Conference on Information Networking",
 publisher = "IEEEIEEE",
 year = "2013",
 address = "Piscataway, NJPiscataway, NJ",
 isbn = "978-1-4673-5742-5"
}
%author manish jangid
@book{ kotlin,
        author = "Jangid, M.",
        title = "Kotlin – The unrivalled android programming language lineage",
        publisher = "Imperial Journal of Interdisciplinary Research",
        year = "2017"
}
@book{ TanenbaumBook,
        author = "Tanenbaum, A. and Wetherall, D.",
        title = "Computer networks",
        publisher = "Pearson Prentice Hall",
        year = "2011",
        address = "Boston",
        isbn = "978-0-13-212695-3"
}

@book{ FallBook,
        author = "Fall, K. and Stevens, W.",
        title = "TCP/IP illustrated",
        publisher = "Addison-Wesley",
        year = "2012",
        address = "Upper Saddle River, NJ",
        isbn = "978-0-32-33631-6"
}

@book{ KrzyzstofBook,
        author = "Iniewski, K. and McCrosky, C. and Minoli, D.",
        title = "Network infrastructure and architecture: designing high-availability netwroks",
        publisher = "Wiley-Interscience",
        year = "2008",
        address = "Hoboken, NJ",
        isbn = "978-0-471-74906-6"
}

@online{CensusData,
  title = "Badan Pusat Statistik",
  url = "https://bps.go.id/index.php/publikasi/14",
  month = "03",
  year = "2013"
}

@online{PWCinfra,
  title = "PWC Indonesian Infrasctructure - Stable foundations for growth",
  url = "https://www.pwc.com/id/en/cpi/asset/indonesian-infrastructure-stable-foundations-for-growth.pdf",
  year = "2016"
}

@online{Statista,
  title = "Smartphone user penetration in Indonesia 2014-2019 | Statistic",
  url = "https://www.statista.com/statistics/257046/smartphone-user-penetration-in-indonesia/",
  year = "2017"
}


@online{techdifferencesSyncVSAsync,
  title = "Difference between Synchronous and Asynchronous Transmission",
  url = "http://techdifferences.com/difference-between-synchronous-and-asynchronous-transmission.html",
  month = "04",
  year = "2016"
}

@online{java,
  title = "The Java® Virtual Machine Specification",
  url = "https://docs.oracle.com/javase/specs/jls/se9/html/jls-1.html",
  month = "08",
  year = "2017"
}


@online{kotlindoc,
  title = "The Java® Virtual Machine Specification",
  url = "https://kotlinlang.org/docs/kotlin-docs.pdf",
  month = "02",
  year = "2013"
}

@online{phytonFAQ,
  title = "General Python FAQ",
  url = "https://docs.python.org/3/faq/general.html#why-was-python-created-in-the-first-place",
  month = "12",
  year = "2017"
}% accessed December 27, 2017


@online{phytonDesignGoals,
  title = "Phyton's Design Goals",
  url = "http://www.artima.com/intv/pyscale.html",
  month = "01",
  year = "2003"
}% accessed December 27, 2017


@online{makingOfPhyton,
  title = "The Making of Phyton",
  url = "http://www.artima.com/intv/python.html",
  month = "01",
  year = "2013"
}% accessed December 27, 2017

@online{locustDoc,
  title = "Locust Documentation",
  url = "https://docs.locust.io/",
  month = "11",
  year = "2017"
}

@online{TLS,
  title = "Transport Layer Security (TLS)",
  url = "https://hpbn.co/transport-layer-security-tls/",
  month = "10",
  year = "2017"
}